<?xml version="1.0" encoding="UTF-8"?><record xmlns="http://www.loc.gov/MARC21/slim" xmlns:cinclude="http://apache.org/cocoon/include/1.0" xmlns:zs="http://www.loc.gov/zing/srw/">
  <leader>00437nz  a2200121n  4500</leader>
  <controlfield tag="001">n  97044201 </controlfield>
  <controlfield tag="003">DLC</controlfield>
  <controlfield tag="005">19970428111710.5</controlfield>
  <controlfield tag="008">970428n| acannaab|          |n ana |||  </controlfield>
  <datafield tag="010" ind1=" " ind2=" ">
    <subfield code="a">n  97044201 </subfield>
  </datafield>
  <datafield tag="040" ind1=" " ind2=" ">
    <subfield code="a">DLC</subfield>
    <subfield code="c">DLC</subfield>
  </datafield>
  <datafield tag="110" ind1="2" ind2="0">
    <subfield code="a">Trinity Methodist Church (Miami, Fla.)</subfield>
  </datafield>
  <datafield tag="670" ind1=" " ind2=" ">
    <subfield code="a">NUCMC data from Historical Museum of Southern Florida for Herin, T.J. Thomas James and Mary James Herin papers, 1914-1972</subfield>
    <subfield code="b">(Trinity Methodist Church, Miami, Fla.)</subfield>
  </datafield>
</record>